   @article{dantzig_1960, 
 title={Decomposition principle for linear programs}, 
 volume={8}, 
 DOI={10.1287/opre.8.1.101}, 
 number={1}, 
 journal={Operations Research}, 
 author={Dantzig, George B. and Wolfe, Philip}, year={1960}, 
 month={Feb}, 
 pages={101–111}} 
 
 @book{bazaraa_2012, 
 title={Programaci\'on lineal Y flujo en redes}, 
 publisher={Limusa}, 
 author={Bazaraa, Mokhtar S. and Jarvis, John J. and Sherali, Hanif D.}, 
 year={2012}} 
 
 @book{vega_2017, 
 place={Amsterdam, Amsterdam}, 
 title={Rugged embedded systems computing in harsh environments}, 
 publisher={Elsevier/Morgan Kaufmann}, author={Vega, Augusto and Bose, Pradip and Buyuktosunoglu, Alper}, 
 year={2017}} 
 
 @misc{castillo_2012, 
 title={Modelaci\'on Matem\'atica y computacional: La respuesta Al Anhelo ancestral de predecir a la naturaleza}, 
 url={https://ciencia.unam.mx/leer/115/Modelacion_matematica_y_computacional_la_respuesta_al_anhelo_ancestral_de_predecir_a_la_naturaleza}, 
 journal={Ciencia UNAM}, 
 publisher={UNAM}, 
 author={Castillo García, Naix’ieli}, 
 year={2012}, 
 month={Oct}}
 
 @misc{monterde_2020, 
 title={Lenguajes de Programaci\'on}, 
 url={https://programas.cuaed.unam.mx/repositorio/moodle/pluginfile.php/1023/mod_resource/content/1/contenido/index.html}, 
 journal={Unidad de Apoyo para el aprendizaje }, 
 publisher={UNAM}, 
 author={Monterde, Uriel Marín}, 
 year={2020}, 
 month={Oct}} 
 
  @misc{igem_2020, 
  place={London, UK}, 
  title={Introduction to Mathematical Modelling in Synthetic Biology Version 1},
  url={https://static.igem.org/mediawiki/2020/9/96/T--Imperial_College--introtomodelling.pdf}, 
  publisher={IGEM}, 
  author={Imperial College London, IGEM 2020},
  year={2020}, 
  month={Oct}} 
  
   @book{chazallet_2016, 
   place={Barcelona, Cataluña}, 
   title={Python 3: Los Fundamentos del Lenguaje},
   publisher={ENI}, 
   author={Chazallet, Sébastien and Javier, Piqueres Juan Francisco}, 
   year={2016}} 
   
    @book{chapra_2018, 
    place={New York,, NY}, 
    edition={Fourth}, 
    title={Applied Numerical Methods with MATLAB for engineers and scientists}, 
    publisher={McGraw-Hill Education}, 
    author={Chapra, Steven C.}, 
    year={2018}} 
    
@article{Kiersten,
title = {AlphaFold and Implications for Intrinsically Disordered Proteins},
journal = {Journal of Molecular Biology},
volume = {433},
number = {20},
pages = {167208},
year = {2021},
note = {From Protein Sequence to Structure at Warp Speed: How Alphafold Impacts Biology},
issn = {0022-2836},
doi = {https://doi.org/10.1016/j.jmb.2021.167208},
url = {https://www.sciencedirect.com/science/article/pii/S0022283621004411},
author = {Kiersten M. Ruff and Rohit V. Pappu},
keywords = {AlphaFold, intrinsically disordered proteins, cautionary notes},
}

@article{DAVID,
title = {The AlphaFold Database of Protein Structures: A Biologist’s Guide},
journal = {Journal of Molecular Biology},
volume = {434},
number = {2},
pages = {167336},
year = {2022},
issn = {0022-2836},
doi = {https://doi.org/10.1016/j.jmb.2021.167336},
url = {https://www.sciencedirect.com/science/article/pii/S0022283621005738},
author = {Alessia David and Suhail Islam and Evgeny Tankhilevich and Michael J.E. Sternberg},
keywords = {AlphaFold, human proteome, three-dimensional model, inter-domain accuracy},
}

 @misc{Arsham_1996, 
 title={Modelos Deterministas: Optimizaci\'on Lineal}, 
 url={http://home.ubalt.edu/ntsbarsh/business-stat/opre/spanishd.htm#rasmlp}, 
 journal={Modelos Deterministas: Optimizacin lineal}, 
 author={Arsham, Hossein}, 
 year={1996}, 
 month={Feb}} 
 
  @book{braun_1993, 
  place={New York}, 
  edition={4th ed}, 
  title={Differential equations and their applications an introduction to applied mathematics}, 
  url={http://www.mmcmodinagar.ac.in/econtent/physics/DifferentialEquationsAndTheirApplications.pdf}, 
  journal={Multanimal Modi Collage}, 
  publisher={Springer}, 
  author={Braun, Martin}, 
  year={1993}} 
  
   @misc{ramos_2019, 
   place={Huancayo, Perú}, 
   title={Análisis comparativo entre el método determinístico y el probabilístico en la evaluación financiera de un proyecto}, 
   url={https://repositorio.uncp.edu.pe/bitstream/handle/20.500.12894/5471/T010_19815114_M.pdf?sequence=1},
   publisher={Universidad Nacional del Centro de Perú}, 
   author={Ramos Doroteo, Luis  Benjamin}, 
   year={2019}} 
   
 @misc{Akozakov_2017, 
 title={The ClusPro web server for protein–protein docking.}, 
 url={https://doi.org/10.1038/nprot.2016.169}, 
 journal={Nature Protocols}, 
 author={Dima Kozakov and David R Hall and Bing Xia and Kathryn A Porter and Dzmitry Padhorny and Christine Yueh and Dmitri Beglov & Sandor Vajda}, 
 year={2017}, 
 month={Jan}} 
 
  @book{Howison_2008, 
  place={Beijing, China}, 
  title={Practical applied mathematics: Modelling, analysis, approximation}, 
  publisher={Higher Education Press}, 
  author={Howison, Sam}, 
  year={2008}} 
  
  @article{Yuan_2017,
author = {Yuan, Shuguang and Chan, H.C. Stephen and Hu, Zhenquan},
title = {Using PyMOL as a platform for computational drug design},
journal = {WIREs Computational Molecular Science},
volume = {7},
number = {2},
pages = {e1298},
doi = {https://doi.org/10.1002/wcms.1298},
url = {https://wires.onlinelibrary.wiley.com/doi/abs/10.1002/wcms.1298},
eprint = {https://wires.onlinelibrary.wiley.com/doi/pdf/10.1002/wcms.1298},
year = {2017}
}

@misc{Villa_2017,
   title={Molecular dynamics simulation of a small protein using GROMACS}, 
   url={tutorials.gromacs.org},
   author={Alessandra Villa}, 
   year={2017}
   } 
@misc{iGEMOxford_2015,
  author = {iGEM Oxford},
  title = {Modeling},
  year = 2015,
  url = {https://2015.igem.org/Team:Oxford/Modeling},
  urldate = {2022-08-27}
}


 
 @book{k._2013, 
 title={Introduction to mathematical modeling and Chaotic Dynamics}, 
 publisher={CRC Press}, 
 author={K., UPADHYAY and RANJIT KUMAR. IYENGAR and SATTELURI R.}, 
 year={2013}
 } 
 
  @book{gilat_2017, place={Hoboken, NJ}, title={MATLAB: An introduction with applications}, publisher={John Wiley and Sons, Inc.}, author={Gilat, Amos}, year={2017}} 
  
 @article{Ullah2006,
  doi = {10.1049/ip-syb:20050064},
  url = {https://doi.org/10.1049/ip-syb:20050064},
  year = {2006},
  publisher = {Institution of Engineering and Technology ({IET})},
  volume = {153},
  number = {2},
  pages = {53},
  author = {M. Ullah and H. Schmidt and K.-H. Cho and O. Wolkenhauer},
  title = {Deterministic modelling and stochastic simulation of biochemical pathways using {MATLAB}},
  journal = {{IEE} Proceedings - Systems Biology}
}
 
 @misc{Feigelman2016,
  doi = {10.48550/ARXIV.1608.07058},
  url = {https://arxiv.org/abs/1608.07058},
  author = {Feigelman,  Justin and Ganscha,  Stefan and Claassen,  Manfred},
  keywords = {Quantitative Methods (q-bio.QM),  FOS: Biological sciences,  FOS: Biological sciences},
  title = {matLeap: A fast adaptive Matlab-ready tau-leaping implementation suitable for Bayesian inference},
  publisher = {arXiv},
  year = {2016},
  copyright = {arXiv.org perpetual,  non-exclusive license}
}

 @article{Kirouac2019,
  doi = {10.1002/psp4.12390},
  url = {https://doi.org/10.1002/psp4.12390},
  year = {2019},
  month = mar,
  publisher = {Wiley},
  volume = {8},
  number = {4},
  pages = {205--210},
  author = {Daniel C. Kirouac and Brian Cicali and Stephan Schmidt},
  title = {Reproducibility of Quantitative Systems Pharmacology Models: Current Challenges and Future Opportunities},
  journal = {{CPT}: Pharmacometrics \amp $\mathsemicolon$ Systems Pharmacology}
}
 
 @article{Park2019,
  doi = {10.12793/tcp.2019.27.3.89},
  url = {https://doi.org/10.12793/tcp.2019.27.3.89},
  year = {2019},
  publisher = {Korean Society for Clinical Pharmacology and Therapeutics},
  volume = {27},
  number = {3},
  pages = {89},
  author = {Jin-Sol Park and Jung-Ryul Kim},
  title = {Non-compartmental data analysis using {SimBiology} and {MATLAB}},
  journal = {Translational and Clinical Pharmacology}
}

  @article{Pettersen_2004,
author = {Pettersen, E. F. and Goddard, T. D. and Huang, C. C. and Couch, G. S. and Greenblatt, D. M. and Meng, E. C. and Ferrin, T. E.},
title = {UCSF Chimera visualization system for exploratory research and analysis},
journal = {Journal of Computational Chemistry},
volume = {25},
number = {13},
pages = {1605-1613},
year = {2004},
doi = {https://doi.org/10.1002/jcc.20084},
}

  @article{Dallakyan_2014,
author = {Dallakyan, S. and Olson, A. J.},
title = {Small-molecule library screening by docking with PyRx},
journal = {Methods in Molecular Biology},
year = {2014},
doi = {https://doi.org/10.1007/978-1-4939-2269-7_19},
}
    @article{Jones_2022,
author={Jones, T. and Oliveira, S. and Myers, C. and Voigt, C. and Densmore, D.},
title={Genetic circuit design automation with Cello 2.0},
journal={nature protocols},
year= {2022},
doi={https://doi.org/10.1038/s41596-021-00675-2},
}

    @article{Kucukural_2010,
autor={Roy, A., Kucukural, A. & Zhang, Y.},
title={I-TASSER: a unified platform for automated protein structure and function prediction},
journal={Nat Protoc 5, 725–738},
year={2010},
doi={https://doi.org/10.1038/nprot.2010.5},
}

 @book{garfinkel_shevtsov_guo_2017, 
 place={Cham, Switzerland}, 
 title={Modeling life: The mathematics of biological systems}, publisher={Springer International Publishing AG}, 
 author={Garfinkel, Alan and Shevtsov, Jane and Guo, Yina}, 
 year={2017}} 



  @article{statistical_models_2003, 
  title={Stochastic models}, 
  DOI={10.1017/cbo9780511815850.007}, 
  journal={Statistical Models}, 
  year={2003}, 
  pages={225–299},} 
 
 @article{Jo_2017,
author = {Jo S and Cheng X and Lee J and Kim S and Park S-J and Patel DS and et al.},
title = {CHARMM-GUI 10 Years for Biomolecular Modeling and Simulation},
journal={Journal of Computational Chemistry},
volume ={38},
pages={1114-1124},
year={2017},
doi={https://doi.org/10.1002/jcc.24660},}

@article{Yan_2017,
author = {Yan Y and Zhang D and Zhou P and Li B and Huang S-Y},
title = {HDOCK: a web server for protein-protein and protein-DNA/RNA docking based on a hybrid strategy},
journal = {Nucleic Acids Research},
volume = {45},
Publisher={Oxford academic},
pages = {W365–W373},
year = {2017},
doi = {https://doi.org/10.1093/nar/gkx407},}

@article{Kelley_2017,
author = {Kelley, L. A., Mezulis, S., Yates, C. M., Wass, M. N., & Sternberg, M. J.},
title = {The Phyre2 web portal for protein modeling, prediction and analysis.},
journal = {National Institutes of Health},
volume = {10(6)},
Publisher={ Nature protocols},
pages = {W345–W858},
year = {2015},
doi = {https://doi.org/10.1038/nprot.2015.053},}




  
@article{Thompson_2004,
author = {Thompson, M.A},
title = {Molecular Docking Using ArgusLab, an Efficient Shape-Based Search Algorithm and the AScore Scoring Function},
journal = {ACS Meeting, Philadelphia},
year = {2004},
}


‌ 